<collection xmlns="http://www.loc.gov/MARC21/slim">
<record>
  <leader>00409na 0a22000971i 450 </leader>
  <controlfield tag="001">IT\ICCU\CNCE\051086</controlfield>
  <controlfield tag="005">20050504000000.0</controlfield>
  <datafield tag="100" ind1=" " ind2=" ">
    <subfield code="a">20000926             0itac0103    ba</subfield>
  </datafield>
  <datafield tag="101" ind1=" " ind2=" ">
    <subfield code="a">ITA</subfield>
  </datafield>
  <datafield tag="200" ind1="1" ind2=" ">
    <subfield code="a">Descrittione dell&apos;ambasciaria dei regi, et dei principi del gran regno del Giapon. Venuti nouamente  ̉Roma,  ̉render obedienza alla santit ̉di Gregorio XIII Pontefice massimo. Alli 23.di Marzo 1585</subfield>
  </datafield>
  <datafield tag="801" ind1=" " ind2="3">
    <subfield code="a">IT</subfield>
    <subfield code="b">ICCU</subfield>
    <subfield code="c">20201115</subfield>
  </datafield>
</record>
</collection>
